@article{marciniak1999asymptotic,
  title={Asymptotic Eulerian expansions for binomial and negative binomial reciprocals},
  author={Marciniak, Ewa and Wesolowski, Jacek},
  journal={Proceedings of the American Mathematical Society},
  volume={127},
  number={11},
  pages={3329--3338},
  year={1999}
}
%%
@article{doi:10.1080/01621459.1953.10483488,
author = {Benjamin Epstein and Milton Sobel},
title = {Life Testing},
journal = {Journal of the American Statistical Association},
volume = {48},
number = {263},
pages = {486-502},
year = {1953},
publisher = {Taylor & Francis},
doi = {10.1080/01621459.1953.10483488},
}
%%
%%
@article{chao1972negative,
  title={Negative moments of positive random variables},
  author={Chao, Min-Te and Strawderman, WE},
  journal={Journal of the American Statistical Association},
  volume={67},
  number={338},
  pages={429--431},
  year={1972},
  publisher={Taylor \& Francis}
}
%%
%%
@article{piegorsch1985existence,
  title={The existence of the first negative moment},
  author={Piegorsch, Walter W and Casella, George},
  journal={The American Statistician},
  volume={39},
  number={1},
  pages={60--62},
  year={1985},
  publisher={Taylor \& Francis}
}
%%
%%
@article{mendenhall1960approximation,
  title={An approximation to the negative moments of the positive binomial useful in life testing},
  author={Mendenhall, W and Lehman, EH},
  journal={Technometrics},
  volume={2},
  number={2},
  pages={227--242},
  year={1960},
  publisher={Taylor \& Francis}
}
%%
%%
@article{fedorov2005multi,
  title={Multi-center clinical trials with random enrollment: theoretical approximations},
  author={Fedorov, Valerii and Jones, Byron and Matthew Jones, C and Zhigljavsky, Anatoly},
  journal={Communications in Statisticsâ€”Theory and Methods},
  volume={34},
  number={4},
  pages={955--985},
  year={2005},
  publisher={Taylor \& Francis}
}
%%
%%
@book{holicky2013introduction,
  title={Introduction to probability and statistics for engineers},
  author={Holick{\`y}, Milan},
  year={2013},
  publisher={Springer Science \& Business Media}
}
%%
%%
@article{kumar1979negative,
  title={Negative moments of a modified power series distribution and bias of the maximum likelihood estimator},
  author={Kumar, Ashish and Consul, PC},
  journal={Communications in statistics-theory and methods},
  volume={8},
  number={2},
  pages={151--166},
  year={1979},
  publisher={Taylor \& Francis}
}
%%
%%
@article{cressie1986moment,
  title={The moment generating function has its moments},
  author={Cressie, Noel and Borkent, Marinus},
  journal={Journal of Statistical Planning and Inference},
  volume={13},
  pages={337--344},
  year={1986},
  publisher={Elsevier}
}
%%
%%
@article{stephan1945expected,
  title={The expected value and variance of the reciprocal and other negative powers of a positive Bernoullian variate},
  author={Stephan, Frederick F},
  journal={The Annals of Mathematical Statistics},
  volume={16},
  number={1},
  pages={50--61},
  year={1945},
  publisher={JSTOR}
}
%%
%%
@article{govindarajulu1963recurrence,
  title={Recurrence relations for the inverse moments of the positive binomial variable},
  author={Govindarajulu, Zakkula},
  journal={Journal of the American Statistical Association},
  volume={58},
  number={302},
  pages={468--473},
  year={1963},
  publisher={Taylor \& Francis}
}
%%
%%
@article{znidaric2005asymptotic,
  title={Asymptotic expansion for inverse moments of binomial and Poisson distributions},
  author={Znidaric, Marko},
  journal={arXiv preprint math/0511226},
  year={2005}
}
%%
%%
@article{garcia2001inverse,
  title={On inverse moments of nonnegative random variables},
  author={Garc{\'\i}a, Nancy Lopes and Palacios, Jos{\'e} Luis},
  journal={Statistics \& probability letters},
  volume={53},
  number={3},
  pages={235--239},
  year={2001},
  publisher={Elsevier}
}
%%
%%
@inproceedings{hu2012inverse,
  title={ON INVERSE MOMENTS OF NONNEGATIVE RANDOM VARIABLES},
  author={Hu, Tien-Chung and Chen, Ping-Yan and Horng, Wann-Jyi},
  booktitle={International Conference on Operations Research and Statistics (ORS). Proceedings},
  pages={121},
  year={2012},
  organization={Global Science and Technology Forum}
}
%%
